


@inproceedings{gandhi,
 author = {Gandhi, Jayneel and Basu, Arkaprava and Hill, Mark D. and Swift, Michael M.},
 title = {Efficient Memory Virtualization: Reducing Dimensionality of Nested Page Walks},
 booktitle = {Proceedings of the 47th Annual IEEE/ACM International Symposium on Microarchitecture},
 series = {MICRO-47},
 year = {2014},
 isbn = {978-1-4799-6998-2},
 location = {Cambridge, United Kingdom},
 pages = {178--189},
 numpages = {12},
 url = {http://dx.doi.org/10.1109/MICRO.2014.37},
 doi = {10.1109/MICRO.2014.37},
 acmid = {2742173},
 publisher = {IEEE Computer Society},
 address = {Washington, DC, USA},
 keywords = {translation lookaside buffer, virtual machines, virtual memory, virtualization},
} 

@phdthesis{gandhithesis,
    author = "Jayneel Gandhi",
    title = "Efficient Memory Virtualization",
    journal = "IEEE/ACM",       
    year = "2016",   
    keywords = "nested paging, shadow paging, contiguous,memory virtualization"
}

@book{Stallings,
    author =       "Williams Stallings",
    title =        "Operating Systems: Internal Design and Principles, ",    
    year =         "2011",
    edition= "7",   
    
}

@article{gandhi19,
 author = {Bhargava, Ravi and Serebrin, Benjamin and Spadini, Francesco and Manne, Srilatha},
 title = {Accelerating Two-dimensional Page Walks for Virtualized Systems},
 journal = {SIGPLAN Not.},
 issue_date = {March 2008},
 volume = {43},
 number = {3},
 month = mar,
 year = {2008},
 issn = {0362-1340},
 pages = {26--35},
 numpages = {10},
 url = {http://doi.acm.org/10.1145/1353536.1346286},
 doi = {10.1145/1353536.1346286},
 acmid = {1346286},
 publisher = {ACM},
 address = {New York, NY, USA},
 keywords = {AMD, TLB, hypervisor, memory management, nested paging, page walk caching, virtual machine monitor, virtualization},
}

@article{gandhi57,
 author = {Waldspurger, Carl A.},
 title = {Memory Resource Management in VMware ESX Server},
 journal = {SIGOPS Oper. Syst. Rev.},
 issue_date = {Winter 2002},
 volume = {36},
 number = {SI},
 month = dec,
 year = {2002},
 issn = {0163-5980},
 pages = {181--194},
 numpages = {14},
 url = {http://doi.acm.org/10.1145/844128.844146},
 doi = {10.1145/844128.844146},
 acmid = {844146},
 publisher = {ACM},
 address = {New York, NY, USA},
} 

@article{gandhi10,
 author = {Adams, Keith and Agesen, Ole},
 title = {A Comparison of Software and Hardware Techniques for x86 Virtualization},
 journal = {SIGARCH Comput. Archit. News},
 issue_date = {December 2006},
 volume = {34},
 number = {5},
 month = oct,
 year = {2006},
 issn = {0163-5964},
 pages = {2--13},
 numpages = {12},
 url = {http://doi.acm.org/10.1145/1168919.1168860},
 doi = {10.1145/1168919.1168860},
 acmid = {1168860},
 publisher = {ACM},
 address = {New York, NY, USA},
 keywords = {MMU, SVM, TLB, VT, dynamic binary translation, nested paging, virtual machine monitor, virtualization, x86},
} 

@article{virt-tech4,
    author =       " B. Loganayagi and S. Sujatha",
    title =        "Creating virtual platforms for cloud computing",    
    year =         "2010",
    journal = "IEEE International Conference on Computational Intelligence and Computing Research ",
    pages=  "1--4"
    
}

@article{virt-tech5,
    author =       "Dawei Sun and Guiran Chang and Qiang Guo and Chuan Wang and Xingwei Wang",
    title =        "A Dependability Model to Enhance Security of Cloud Environment Using System-Level Virtualization Techniques",    
    year =         "2010",
    journal = " First International Conference on Pervasive Computing, Signal Processing and Applications (PCSPA)",
    pages=  "305--310"
    
}

@inproceedings{menasce2,
 author = {N. Bennani, Mohamed and A. Menasce, Daniel},
 title = {Resource Allocation for Autonomic Data Centers Using Analytic Performance Models},
 booktitle = {Proceedings of the Second International Conference on Automatic Computing},
 series = {ICAC '05},
 year = {2005},
 isbn = {0-7965-2276-9},
 pages = {229--240},
 numpages = {12},
 url = {http://dx.doi.org/10.1109/ICAC.2005.50},
 doi = {10.1109/ICAC.2005.50},
 acmid = {1078472},
 publisher = {IEEE Computer Society},
 address = {Washington, DC, USA},
} 

@article{menasce10,
 author = {Uhlig, Rich and Neiger, Gil and Rodgers, Dion and Santoni, Amy L. and Martins, Fernando C. M. and Anderson, Andrew V. and Bennett, Steven M. and Kagi, Alain and Leung, Felix H. and Smith, Larry},
 title = {Intel Virtualization Technology},
 journal = {Computer},
 issue_date = {May 2005},
 volume = {38},
 number = {5},
 month = may,
 year = {2005},
 issn = {0018-9162},
 pages = {48--56},
 numpages = {9},
 url = {https://doi.org/10.1109/MC.2005.163},
 doi = {10.1109/MC.2005.163},
 acmid = {1069634},
 publisher = {IEEE Computer Society Press},
 address = {Los Alamitos, CA, USA},
 keywords = {IA-32 architecture, Itanium architecture, computer architectures, software systems, virtual machines, virtualization technology, virtualization technology, virtual machines, computer architectures, Itanium architecture, IA-32 architecture, software systems},
} 

@online{menasce11,
    author =       "VMware",
    title =        "Consolidating Mission Critical Servers",   
    url = "www.vmware.com/solutions/consolidation/mission critical.html",
    year =         "2015",
    addendum = "(accessed: 10.08.2018)",
    keywords = "cost reduction"
    
}

@online{gandhi29,
    author =       "Nikhil Bhatia",
    title =        "Performance evaluation of Intel EPT hardware assist.",   
    url = "http://www.vmware.com/pdf/Perf_ESX_Intel-EPT-eval.pdf",
    year =         "2009",
    addendum = "(accessed: 10.08.2018)" 
    
}


@online{xenarchive,
    author =       "Linux Foundation",
    title =        "Xen Project Software Overview",   
    url = "http://wiki.xen.org",
    year =         "",
    addendum = "(accessed: 15.08.2018)",
    keywords = "pv,hvm"
    
}

@article{dvmt,
 author = {Alam, Hanna and Zhang, Tianhao and Erez, Mattan and Etsion, Yoav},
 title = {Do-It-Yourself Virtual Memory Translation},
 journal = {SIGARCH Comput. Archit. News},
 issue_date = {May 2017},
 volume = {45},
 number = {2},
 month = jun,
 year = {2017},
 issn = {0163-5964},
 pages = {457--468},
 numpages = {12},
 url = {http://doi.acm.org/10.1145/3140659.3080209},
 doi = {10.1145/3140659.3080209},
 acmid = {3080209},
 publisher = {ACM},
 address = {New York, NY, USA},
 keywords = {TLB, address translation, virtual machines, virtual memory},
} 


@article{gandhi24,
 author = {Barr, Thomas W. and Cox, Alan L. and Rixner, Scott},
 title = {Translation Caching: Skip, Don'T Walk (the Page Table)},
 journal = {SIGARCH Comput. Archit. News},
 issue_date = {June 2010},
 volume = {38},
 number = {3},
 month = jun,
 year = {2010},
 issn = {0163-5964},
 pages = {48--59},
 numpages = {12},
 url = {http://doi.acm.org/10.1145/1816038.1815970},
 doi = {10.1145/1816038.1815970},
 acmid = {1815970},
 publisher = {ACM},
 address = {New York, NY, USA},
 keywords = {memory management, page walk caching, tlb},
} 

@inproceedings{gandhi30,
 author = {Bhattacharjee, Abhishek},
 title = {Large-reach Memory Management Unit Caches},
 booktitle = {Proceedings of the 46th Annual IEEE/ACM International Symposium on Microarchitecture},
 series = {MICRO-46},
 year = {2013},
 isbn = {978-1-4503-2638-4},
 location = {Davis, California},
 pages = {383--394},
 numpages = {12},
 url = {http://doi.acm.org/10.1145/2540708.2540741},
 doi = {10.1145/2540708.2540741},
 acmid = {2540741},
 publisher = {ACM},
 address = {New York, NY, USA},
 keywords = {memory management units, translation lookaside buffers, virtual memory},
} 

@book{intel,
author = { Intel},
year = {2011},
month = {01},
pages = {},
title = {Intel 64 and IA-32 Architectures Optimization Reference Manual}
}

@article{revisit,
 author = {Ahn, Jeongseob and Jin, Seongwook and Huh, Jaehyuk},
 title = {Revisiting Hardware-assisted Page Walks for Virtualized Systems},
 journal = {SIGARCH Comput. Archit. News},
 issue_date = {June 2012},
 volume = {40},
 number = {3},
 month = jun,
 year = {2012},
 issn = {0163-5964},
 pages = {476--487},
 numpages = {12},
 url = {http://doi.acm.org/10.1145/2366231.2337214},
 doi = {10.1145/2366231.2337214},
 acmid = {2337214},
 publisher = {ACM},
 address = {New York, NY, USA},
} 

@article{gandhi101,
 author = {Wang, Xiaolin and Zang, Jiarui and Wang, Zhenlin and Luo, Yingwei and Li, Xiaoming},
 title = {Selective Hardware/Software Memory Virtualization},
 journal = {SIGPLAN Not.},
 issue_date = {July 2011},
 volume = {46},
 number = {7},
 month = mar,
 year = {2011},
 issn = {0362-1340},
 pages = {217--226},
 numpages = {10},
 url = {http://doi.acm.org/10.1145/2007477.1952710},
 doi = {10.1145/2007477.1952710},
 acmid = {1952710},
 publisher = {ACM},
 address = {New York, NY, USA},
 keywords = {dynamic switching, hardware assisted paging, hardware-assisted virtualization, shadow paging, virtual machine},
} 

@article{gandhi96,
 author = {Talluri, Madhusudhan and Hill, Mark D.},
 title = {Surpassing the TLB Performance of Superpages with Less Operating System Support},
 journal = {SIGPLAN Not.},
 issue_date = {Nov. 1994},
 volume = {29},
 number = {11},
 month = nov,
 year = {1994},
 issn = {0362-1340},
 pages = {171--182},
 numpages = {12},
 url = {http://doi.acm.org/10.1145/195470.195531},
 doi = {10.1145/195470.195531},
 acmid = {195531},
 publisher = {ACM},
 address = {New York, NY, USA},
}

@article{gandhi81,
 author = {Swanson, Mark and Stoller, Leigh and Carter, John},
 title = {Increasing TLB Reach Using Superpages Backed by Shadow Memory},
 journal = {SIGARCH Comput. Archit. News},
 issue_date = {June 1998},
 volume = {26},
 number = {3},
 month = apr,
 year = {1998},
 issn = {0163-5964},
 pages = {204--213},
 numpages = {10},
 url = {http://doi.acm.org/10.1145/279361.279388},
 doi = {10.1145/279361.279388},
 acmid = {279388},
 publisher = {ACM},
 address = {New York, NY, USA},
}

@inproceedings{gandhi82,
 author = {Pham, Binh and Vaidyanathan, Viswanathan and Jaleel, Aamer and Bhattacharjee, Abhishek},
 title = {CoLT: Coalesced Large-Reach TLBs},
 booktitle = {Proceedings of the 2012 45th Annual IEEE/ACM International Symposium on Microarchitecture},
 series = {MICRO-45},
 year = {2012},
 isbn = {978-0-7695-4924-8},
 location = {Vancouver, B.C., CANADA},
 pages = {258--269},
 numpages = {12},
 url = {https://doi.org/10.1109/MICRO.2012.32},
 doi = {10.1109/MICRO.2012.32},
 acmid = {2457504},
 publisher = {IEEE Computer Society},
 address = {Washington, DC, USA},
}

@online{gandhi7,
    author =       "Jonathan Corbet",
    title =        "Memory Compaction",   
    url = "http://lwn.net/Articles/368869/",
    year =         "2010",
    addendum = "(accessed: 13.08.2018)",
    keywords = "pv,hvm"
    
}

@inproceedings{ieeeplacement,
 author = {Hieu, Nguyen Trung and Francesco, Mario Di and J\"{a}\"{a}ski, Antti Yl\"{a}},
 title = {A Virtual Machine Placement Algorithm for Balanced Resource Utilization in Cloud Data Centers},
 booktitle = {Proceedings of the 2014 IEEE International Conference on Cloud Computing},
 series = {CLOUD '14},
 year = {2014},
 isbn = {978-1-4799-5063-8},
 pages = {474--481},
 numpages = {8},
 url = {http://dx.doi.org/10.1109/CLOUD.2014.70},
 doi = {10.1109/CLOUD.2014.70},
 acmid = {2679115},
 publisher = {IEEE Computer Society},
 address = {Washington, DC, USA},
 keywords = {Multiple resources, Virtual machine, Resource utilization, Load balancing, Cloud computing, Data centers},
}

@masterthesis{mvondo,
    author =       "Djob Mvondo Barbe Thystere",
    title =        "Optimized Resource Allocation for the Privileged Domain in Server Virtualization",    
    year =         "2017"
    
}

@article{xenorg,
 author = {Barham, Paul and Dragovic, Boris and Fraser, Keir and Hand, Steven and Harris, Tim and Ho, Alex and Neugebauer, Rolf and Pratt, Ian and Warfield, Andrew},
 title = {Xen and the Art of Virtualization},
 journal = {SIGOPS Oper. Syst. Rev.},
 issue_date = {December 2003},
 volume = {37},
 number = {5},
 month = oct,
 year = {2003},
 issn = {0163-5980},
 pages = {164--177},
 numpages = {14},
 url = {http://doi.acm.org/10.1145/1165389.945462},
 doi = {10.1145/1165389.945462},
 acmid = {945462},
 publisher = {ACM},
 address = {New York, NY, USA},
 keywords = {hypervisors, paravirtualization, virtual machine monitors},
}

@inproceedings{cerit,
author="Klus{\'a}{\v{c}}ek, Dalibor
and Par{\'a}k, Boris",
editor="Klus{\'a}{\v{c}}ek, Dalibor
and Cirne, Walfredo
and Desai, Narayan",
title="Analysis of Mixed Workloads from Shared Cloud Infrastructure",
booktitle="Job Scheduling Strategies for Parallel Processing",
year="2018",
publisher="Springer International Publishing",
address="Cham",
pages="25--42",
isbn="978-3-319-77398-8"
}

@inproceedings{bitbrains, 
author={S. Shen and V. v. Beek and A. Iosup}, 
booktitle={2015 15th IEEE/ACM International Symposium on Cluster, Cloud and Grid Computing}, 
title={Statistical Characterization of Business-Critical Workloads Hosted in Cloud Datacenters}, 
year={2015}, 
volume={}, 
number={}, 
pages={465-474}, 
keywords={business data processing;cloud computing;computer centres;data handling;file servers;Internet;parallel processing;resource allocation;statistical analysis;statistical characterization;business-critical workloads;cloud datacenters;Web servers;mail servers;app servers;virtualized datacenters;infrastructure-as-a-service clouds;capacity sizing;datacenter operators;supercomputing centers;Google;business intelligence;MapReduce;scientific computing;HPC;business-critical workloads;long-term workload;distributed datacenter servicing;resource management mechanisms;workload verification;resource scheduling policies;Memory management;Servers;Google;Dynamic scheduling;Resource management;Computational modeling;datacenters;workload;characterization}, 
doi={10.1109/CCGrid.2015.60}, 
ISSN={}, 
month={May}}
 
@inproceedings{rescentral,
 author = {Cortez, Eli and Bonde, Anand and Muzio, Alexandre and Russinovich, Mark and Fontoura, Marcus and Bianchini, Ricardo},
 title = {Resource Central: Understanding and Predicting Workloads for Improved Resource Management in Large Cloud Platforms},
 booktitle = {Proceedings of the 26th Symposium on Operating Systems Principles},
 series = {SOSP '17},
 year = {2017},
 isbn = {978-1-4503-5085-3},
 location = {Shanghai, China},
 pages = {153--167},
 numpages = {15},
 url = {http://doi.acm.org/10.1145/3132747.3132772},
 doi = {10.1145/3132747.3132772},
 acmid = {3132772},
 publisher = {ACM},
 address = {New York, NY, USA},
 keywords = {Cloud workloads, machine learning, predictive management},
}
 

@online{Amazon,
    author =       "Amazon",
    title =        "AWS AMI Virtualization Types: HVM vs PV (Paravirtual VS Hardware VM)",   
    url = "https://cloudacademy.com/blog/aws-ami-hvm-vs-pv-paravirtual-amazon/",
    year =         "2015"
    
}























































 




 

